[gd_scene load_steps=16 format=2]

[ext_resource path="res://Board.gd" type="Script" id=1]
[ext_resource path="res://Grid.tscn" type="PackedScene" id=2]
[ext_resource path="res://Main.gd" type="Script" id=3]
[ext_resource path="res://oculus.tscn" type="PackedScene" id=4]
[ext_resource path="res://Networking.gd" type="Script" id=5]
[ext_resource path="res://UI/Viewport UI.tscn" type="PackedScene" id=6]
[ext_resource path="res://addons/godot-openvr/scenes/ovr_controller.tscn" type="PackedScene" id=7]
[ext_resource path="res://addons/vr-common/functions/Function_Teleport.tscn" type="PackedScene" id=8]
[ext_resource path="res://addons/vr-common/functions/Function_pointer.tscn" type="PackedScene" id=9]
[ext_resource path="res://MasterController.gd" type="Script" id=10]

[sub_resource type="PlaneShape" id=1]

[sub_resource type="CubeMesh" id=2]

[sub_resource type="BoxShape" id=3]

[sub_resource type="ProceduralSky" id=4]
sky_top_color = Color( 1, 1, 1, 1 )
sky_horizon_color = Color( 1, 1, 1, 1 )
ground_bottom_color = Color( 1, 1, 1, 1 )
ground_horizon_color = Color( 0.691406, 0.691406, 0.691406, 1 )

[sub_resource type="Environment" id=5]
background_mode = 2
background_sky = SubResource( 4 )
background_color = Color( 1, 0.941176, 0.941176, 1 )
ambient_light_sky_contribution = 0.7

[node name="Main" type="Spatial"]
script = ExtResource( 3 )

[node name="DirectionalLight" type="DirectionalLight" parent="."]
transform = Transform( 0.999475, 0.023494, -0.0223183, -0.0116387, 0.903041, 0.429396, 0.0302426, -0.428911, 0.90284, 1.10952, 12.2517, 2.64517 )
layers = 1087
light_energy = 4.34
light_indirect_energy = 3.8
light_bake_mode = 2

[node name="Camera" type="Camera" parent="."]
transform = Transform( -0.705519, 0.693612, 0.145418, 0.439365, 0.589091, -0.678182, -0.556059, -0.414578, -0.720363, 3.25346, 1.96976, 4.79531 )
cull_mask = 1048573
current = true

[node name="Grid" parent="." instance=ExtResource( 2 )]

[node name="Board" type="Spatial" parent="."]
script = ExtResource( 1 )

[node name="Networking" type="Node" parent="."]
script = ExtResource( 5 )

[node name="Viewport-VR" type="Viewport" parent="."]
arvr = true
size = Vector2( 100, 100 )
render_target_update_mode = 3
shadow_atlas_size = 4096
shadow_atlas_quad_0 = 1

[node name="ARVROrigin" type="ARVROrigin" parent="Viewport-VR"]

[node name="ARVRCamera" type="ARVRCamera" parent="Viewport-VR/ARVROrigin"]
transform = Transform( 1, 0, 0, 0, 1, 0, 0, 0, 1, 0, 1.8, 0 )
cull_mask = 1048571

[node name="oculus" parent="Viewport-VR/ARVROrigin/ARVRCamera" instance=ExtResource( 4 )]
transform = Transform( -0.05, 1.62921e-08, 2.65431e-15, 0, -8.14603e-09, 0.05, 1.62921e-08, 0.05, 8.14603e-09, 0, 0, 0 )

[node name="Left_hand" parent="Viewport-VR/ARVROrigin" instance=ExtResource( 7 )]

[node name="Function_pointer2" parent="Viewport-VR/ARVROrigin/Left_hand" instance=ExtResource( 9 )]

[node name="Right_hand" parent="Viewport-VR/ARVROrigin" instance=ExtResource( 7 )]
controller_id = 2

[node name="Function_Teleport" parent="Viewport-VR/ARVROrigin/Right_hand" instance=ExtResource( 8 )]
camera = NodePath("../../ARVRCamera")

[node name="MasterController" type="Node" parent="Viewport-VR/ARVROrigin"]
script = ExtResource( 10 )

[node name="ViewportContainer" type="ViewportContainer" parent="."]
visible = false
margin_right = 40.0
margin_bottom = 40.0
__meta__ = {
"_edit_use_anchors_": false
}

[node name="Viewport-UI" parent="ViewportContainer" instance=ExtResource( 6 )]
handle_input_locally = false
render_target_update_mode = 0

[node name="Environment" type="StaticBody" parent="."]

[node name="CollisionShape" type="CollisionShape" parent="Environment"]
transform = Transform( 1, 0, 0, 0, 1, 0, 0, 0, 1, -0.029583, -0.111536, -0.11796 )
shape = SubResource( 1 )

[node name="FloorGrid" parent="." instance=ExtResource( 2 )]
transform = Transform( 100, 0, 0, 0, -1.62921e-05, 1, 0, -100, -1.62921e-07, 0, 0, 0 )
visible = false

[node name="Spatial" type="Spatial" parent="."]
transform = Transform( 1.608, 0, 0, 0, 1, 0, 0, 0, 1, -0.660232, 0, 2.80495 )
visible = false

[node name="MeshInstance" type="MeshInstance" parent="Spatial"]
transform = Transform( 1, 0, 0, 0, 1, 0, 0, 0, 1, 0, 0, 1.86179 )
mesh = SubResource( 2 )
material/0 = null

[node name="RigidBody" type="RigidBody" parent="Spatial/MeshInstance"]

[node name="CollisionShape" type="CollisionShape" parent="Spatial/MeshInstance/RigidBody"]
shape = SubResource( 3 )

[node name="WorldEnvironment" type="WorldEnvironment" parent="."]
environment = SubResource( 5 )
