[gd_scene load_steps=11 format=2]

[ext_resource path="res://interface/icons/highlight_net.png" type="Texture" id=1]
[ext_resource path="res://interface/icons/display_local_ratsnest.png" type="Texture" id=2]
[ext_resource path="res://interface/icons/add_footprints.png" type="Texture" id=3]
[ext_resource path="res://interface/icons/select.png" type="Texture" id=4]
[ext_resource path="res://interface/icons/route_track.png" type="Texture" id=5]
[ext_resource path="res://interface/icons/add_via.png" type="Texture" id=6]
[ext_resource path="res://interface/icons/add_graphic_arc.png" type="Texture" id=7]
[ext_resource path="res://interface/icons/add_graphic_circle.png" type="Texture" id=8]
[ext_resource path="res://interface/icons/add_graphic_polygon.png" type="Texture" id=9]
[ext_resource path="res://interface/theme.tres" type="Theme" id=10]

[node name="menu1_gui" type="Control"]
anchor_right = 1.0
anchor_bottom = 1.0
margin_right = -524.0
margin_bottom = 150.0
rect_min_size = Vector2( 500, 750 )
theme = ExtResource( 10 )
__meta__ = {
"_edit_use_anchors_": false
}

[node name="CenterContainer" type="CenterContainer" parent="."]
margin_right = 40.0
margin_bottom = 40.0
__meta__ = {
"_edit_use_anchors_": false
}

[node name="Panel" type="Panel" parent="CenterContainer"]
margin_right = 500.0
margin_bottom = 750.0
rect_min_size = Vector2( 500, 750 )
__meta__ = {
"_edit_use_anchors_": false
}

[node name="VBoxContainer" type="VBoxContainer" parent="CenterContainer"]
margin_left = 70.0
margin_top = 102.0
margin_right = 430.0
margin_bottom = 648.0

[node name="gridTools" type="GridContainer" parent="CenterContainer/VBoxContainer"]
margin_right = 360.0
margin_bottom = 230.0
columns = 3

[node name="highlight_net" type="Button" parent="CenterContainer/VBoxContainer/gridTools"]
margin_right = 100.0
margin_bottom = 100.0
rect_min_size = Vector2( 100, 100 )
icon = ExtResource( 1 )
expand_icon = true
__meta__ = {
"_edit_use_anchors_": false
}

[node name="highlight_net2" type="Button" parent="CenterContainer/VBoxContainer/gridTools"]
margin_left = 130.0
margin_right = 230.0
margin_bottom = 100.0
rect_min_size = Vector2( 100, 100 )
icon = ExtResource( 2 )
expand_icon = true
__meta__ = {
"_edit_use_anchors_": false
}

[node name="add_footprints" type="Button" parent="CenterContainer/VBoxContainer/gridTools"]
margin_left = 260.0
margin_right = 360.0
margin_bottom = 100.0
rect_min_size = Vector2( 100, 100 )
icon = ExtResource( 3 )
expand_icon = true
__meta__ = {
"_edit_use_anchors_": false
}

[node name="select" type="Button" parent="CenterContainer/VBoxContainer/gridTools"]
margin_top = 130.0
margin_right = 100.0
margin_bottom = 230.0
rect_min_size = Vector2( 100, 100 )
icon = ExtResource( 4 )
expand_icon = true
__meta__ = {
"_edit_use_anchors_": false
}

[node name="route_track" type="Button" parent="CenterContainer/VBoxContainer/gridTools"]
margin_left = 130.0
margin_top = 130.0
margin_right = 230.0
margin_bottom = 230.0
rect_min_size = Vector2( 100, 100 )
icon = ExtResource( 5 )
expand_icon = true
__meta__ = {
"_edit_use_anchors_": false
}

[node name="add_via" type="Button" parent="CenterContainer/VBoxContainer/gridTools"]
margin_left = 260.0
margin_top = 130.0
margin_right = 360.0
margin_bottom = 230.0
rect_min_size = Vector2( 100, 100 )
icon = ExtResource( 6 )
expand_icon = true
__meta__ = {
"_edit_use_anchors_": false
}

[node name="HSeparator" type="HSeparator" parent="CenterContainer/VBoxContainer"]
margin_top = 234.0
margin_right = 360.0
margin_bottom = 284.0

[node name="gridGraphics" type="GridContainer" parent="CenterContainer/VBoxContainer"]
margin_top = 288.0
margin_right = 360.0
margin_bottom = 388.0
columns = 3

[node name="add_graphic_circle" type="Button" parent="CenterContainer/VBoxContainer/gridGraphics"]
margin_right = 100.0
margin_bottom = 100.0
rect_min_size = Vector2( 100, 100 )
icon = ExtResource( 8 )
expand_icon = true
__meta__ = {
"_edit_use_anchors_": false
}

[node name="add_graphic_arc" type="Button" parent="CenterContainer/VBoxContainer/gridGraphics"]
margin_left = 130.0
margin_right = 230.0
margin_bottom = 100.0
rect_min_size = Vector2( 100, 100 )
icon = ExtResource( 7 )
expand_icon = true
__meta__ = {
"_edit_use_anchors_": false
}

[node name="add_graphic_polygon" type="Button" parent="CenterContainer/VBoxContainer/gridGraphics"]
margin_left = 260.0
margin_right = 360.0
margin_bottom = 100.0
rect_min_size = Vector2( 100, 100 )
icon = ExtResource( 9 )
expand_icon = true
__meta__ = {
"_edit_use_anchors_": false
}

[node name="HSeparator2" type="HSeparator" parent="CenterContainer/VBoxContainer"]
margin_top = 392.0
margin_right = 360.0
margin_bottom = 442.0

[node name="gridMeasure" type="GridContainer" parent="CenterContainer/VBoxContainer"]
margin_top = 446.0
margin_right = 360.0
margin_bottom = 546.0
columns = 3

[node name="add_graphic_circle" type="Button" parent="CenterContainer/VBoxContainer/gridMeasure"]
margin_right = 100.0
margin_bottom = 100.0
rect_min_size = Vector2( 100, 100 )
icon = ExtResource( 8 )
expand_icon = true
__meta__ = {
"_edit_use_anchors_": false
}

[node name="add_graphic_arc" type="Button" parent="CenterContainer/VBoxContainer/gridMeasure"]
margin_left = 130.0
margin_right = 230.0
margin_bottom = 100.0
rect_min_size = Vector2( 100, 100 )
icon = ExtResource( 7 )
expand_icon = true
__meta__ = {
"_edit_use_anchors_": false
}
