[gd_scene load_steps=8 format=2]

[ext_resource path="res://interface/icons/disable_drc.png" type="Texture" id=1]
[ext_resource path="res://interface/icons/show_grid.png" type="Texture" id=2]
[ext_resource path="res://interface/theme.tres" type="Theme" id=3]
[ext_resource path="res://interface/icons/set_units/set_units_mm.png" type="Texture" id=4]
[ext_resource path="res://interface/icons/show_layer_manager.png" type="Texture" id=5]
[ext_resource path="res://interface/icons/show_filled_areas_toggle/show_filled_areas_in_zone.png" type="Texture" id=6]
[ext_resource path="res://interface/icons/show_board_ratsnest.png" type="Texture" id=7]

[node name="menu2_gui" type="Control"]
anchor_right = 1.0
anchor_bottom = 1.0
margin_right = -524.0
margin_bottom = 150.0
rect_min_size = Vector2( 500, 750 )
theme = ExtResource( 3 )
__meta__ = {
"_edit_use_anchors_": false
}

[node name="CenterContainer" type="CenterContainer" parent="."]
margin_right = 40.0
margin_bottom = 40.0
__meta__ = {
"_edit_use_anchors_": false
}

[node name="Panel" type="Panel" parent="CenterContainer"]
margin_right = 500.0
margin_bottom = 750.0
rect_min_size = Vector2( 500, 750 )
__meta__ = {
"_edit_use_anchors_": false
}

[node name="VBoxContainer" type="VBoxContainer" parent="CenterContainer"]
margin_left = 70.0
margin_top = 135.0
margin_right = 430.0
margin_bottom = 615.0

[node name="gridOptions" type="GridContainer" parent="CenterContainer/VBoxContainer"]
margin_right = 360.0
margin_bottom = 100.0
columns = 3

[node name="disable_drc" type="Button" parent="CenterContainer/VBoxContainer/gridOptions"]
margin_right = 100.0
margin_bottom = 100.0
rect_min_size = Vector2( 100, 100 )
icon = ExtResource( 1 )
expand_icon = true
__meta__ = {
"_edit_use_anchors_": false
}

[node name="show_grid" type="Button" parent="CenterContainer/VBoxContainer/gridOptions"]
margin_left = 130.0
margin_right = 230.0
margin_bottom = 100.0
rect_min_size = Vector2( 100, 100 )
icon = ExtResource( 2 )
expand_icon = true
__meta__ = {
"_edit_use_anchors_": false
}

[node name="set_units_toggle" type="Button" parent="CenterContainer/VBoxContainer/gridOptions"]
margin_left = 260.0
margin_right = 360.0
margin_bottom = 100.0
rect_min_size = Vector2( 100, 100 )
icon = ExtResource( 4 )
expand_icon = true
__meta__ = {
"_edit_use_anchors_": false
}

[node name="HSeparator" type="HSeparator" parent="CenterContainer/VBoxContainer"]
margin_top = 104.0
margin_right = 360.0
margin_bottom = 154.0

[node name="gridShow" type="GridContainer" parent="CenterContainer/VBoxContainer"]
margin_top = 158.0
margin_right = 360.0
margin_bottom = 258.0
columns = 3

[node name="show_board_ratsnest" type="Button" parent="CenterContainer/VBoxContainer/gridShow"]
margin_right = 100.0
margin_bottom = 100.0
rect_min_size = Vector2( 100, 100 )
icon = ExtResource( 7 )
expand_icon = true
__meta__ = {
"_edit_use_anchors_": false
}

[node name="show_filled_toggle" type="Button" parent="CenterContainer/VBoxContainer/gridShow"]
margin_left = 130.0
margin_right = 230.0
margin_bottom = 100.0
rect_min_size = Vector2( 100, 100 )
icon = ExtResource( 6 )
expand_icon = true
__meta__ = {
"_edit_use_anchors_": false
}

[node name="show_layer_manager" type="Button" parent="CenterContainer/VBoxContainer/gridShow"]
margin_left = 260.0
margin_right = 360.0
margin_bottom = 100.0
rect_min_size = Vector2( 100, 100 )
icon = ExtResource( 5 )
expand_icon = true
__meta__ = {
"_edit_use_anchors_": false
}

[node name="HSeparator2" type="HSeparator" parent="CenterContainer/VBoxContainer"]
margin_top = 262.0
margin_right = 360.0
margin_bottom = 312.0

[node name="VBoxContainer" type="VBoxContainer" parent="CenterContainer/VBoxContainer"]
margin_top = 316.0
margin_right = 360.0
margin_bottom = 480.0
__meta__ = {
"_edit_use_anchors_": false
}

[node name="hboxTrack" type="HBoxContainer" parent="CenterContainer/VBoxContainer/VBoxContainer"]
margin_right = 360.0
margin_bottom = 52.0

[node name="Label" type="Label" parent="CenterContainer/VBoxContainer/VBoxContainer/hboxTrack"]
margin_top = 5.0
margin_right = 100.0
margin_bottom = 47.0
rect_min_size = Vector2( 100, 25 )
theme = ExtResource( 3 )
text = "Track"

[node name="SpinBox" type="SpinBox" parent="CenterContainer/VBoxContainer/VBoxContainer/hboxTrack"]
margin_left = 104.0
margin_right = 360.0
margin_bottom = 52.0
size_flags_horizontal = 3
step = 0.1
value = 1.0
suffix = "mm"

[node name="hboxVia" type="HBoxContainer" parent="CenterContainer/VBoxContainer/VBoxContainer"]
margin_top = 56.0
margin_right = 360.0
margin_bottom = 108.0

[node name="Label" type="Label" parent="CenterContainer/VBoxContainer/VBoxContainer/hboxVia"]
margin_top = 5.0
margin_right = 100.0
margin_bottom = 47.0
rect_min_size = Vector2( 100, 25 )
theme = ExtResource( 3 )
text = "Via"

[node name="SpinBox" type="SpinBox" parent="CenterContainer/VBoxContainer/VBoxContainer/hboxVia"]
margin_left = 104.0
margin_right = 360.0
margin_bottom = 52.0
size_flags_horizontal = 3
step = 0.1
value = 1.0
suffix = "mm"

[node name="hboxGrid" type="HBoxContainer" parent="CenterContainer/VBoxContainer/VBoxContainer"]
margin_top = 112.0
margin_right = 360.0
margin_bottom = 164.0

[node name="Label" type="Label" parent="CenterContainer/VBoxContainer/VBoxContainer/hboxGrid"]
margin_top = 5.0
margin_right = 100.0
margin_bottom = 47.0
rect_min_size = Vector2( 100, 25 )
theme = ExtResource( 3 )
text = "Grid"

[node name="SpinBox" type="SpinBox" parent="CenterContainer/VBoxContainer/VBoxContainer/hboxGrid"]
margin_left = 104.0
margin_right = 360.0
margin_bottom = 52.0
size_flags_horizontal = 3
step = 0.1
value = 1.0
suffix = "mm"
